% This file was created with JabRef 2.7.1.
% Encoding: Cp1252

@MISC{sidocDoku,
  author = {{2NET Carsten Lang}},
  title = {{Sidoc-Handbuch}},
  year = {2010}
}

@MISC{bsikosten,
  author = {{BSI}},
  title = {{BSI - Vertrieb und Preise}},
  year = {2015},
  url = {https://www.bsi.bund.de/DE/Themen/weitereThemen/GSTOOL/VertriebundPreise/vertriebundpreise_node.html}
}

@MISC{bsi,
  author = {{Bundesamt für Sicherheit in der Informationstechnik}},
  title = {{Modernisierung IT-Grundschutz}},
  howpublished = {\url{https://www.bsi.bund.de/SharedDocs/Downloads/DE/BSI/Grundschutz/IT-Grundschutz%20Modernisierung/Auswertung_der_Ergebnisse_der_Anwenderworkshops.pdf?__blob=publicationFile}},
  year = {2015},
  note = {[Online; accessed 28-January-2015]}
}

@MISC{indart,
  author = {{Contechnet}},
  title = {{INDART Professional}},
  howpublished = {\url{http://www.contechnet.de/index.php/de/produkte/inditor}},
  year = {2015},
  note = {[Online; accessed 28-January-2015]}
}

@MISC{dhc,
  author = {{DHC GmbH}},
  title = {{DHC Vision Information Security Manager}},
  howpublished = {\url{http://www.dhc-vision.com/loesungen/grc-management/}},
  year = {2015},
  note = {[Online; accessed 28-January-2015]}
}

@MISC{docsetminder,
  author = {{GRC Partner GmbH}},
  title = {{DocSetMinder}},
  howpublished = {\url{http://www.grc-partner.de/docsetminder-it-sicherheit.html}},
  year = {2015},
  note = {[Online; accessed 27-January-2015]}
}

@MISC{hiscout,
  author = {{HiScout GmbH}},
  title = {{HiScout}},
  howpublished = {\url{http://www.hiscout.com/governance-risk-compliance.html}},
  year = {2015},
  note = {[Online; accessed 27-January-2015]}
}

@MISC{grcsuite,
  author = {{ibi systems GmbH}},
  title = {{GRC-Suite i|RIS}},
  howpublished = {\url{http://www.ibi-systems.de/grcsuite.php}},
  year = {2015},
  note = {[Online; accessed 27-January-2015]}
}

@MISC{opusi,
  author = {{Kronsoft e.K.}},
  title = {{Opus I}},
  howpublished = {\url{http://www.kronsoft.de/it-sicherheit/it-sicherheit.html}},
  year = {2015},
  note = {[Online; accessed 27-January-2015]}
}

@MISC{adamant,
  author = {{Research Group Quality Engineering, Institute of Computer Science
	Universität Innsbruck}},
  title = {{Adamant - Efficient IT Security and Compliance}},
  howpublished = {\url{http://adamant.q-e.at/}},
  year = {2015},
  note = {[Online; accessed 30-January-2015]}
}

